@article{Taira_Colonius_2007,
  title={The immersed boundary method: a projection approach},
  author={Taira, Kunihiko and Colonius, Tim},
  journal={Journal of Computational Physics},
  volume={225},
  number={2},
  pages={2118--2137},
  year={2007},
  publisher={Elsevier}
}

@article{Perot_1993,
  title={An analysis of the fractional step method},
  author={Perot, J Blair},
  journal={Journal of Computational Physics},
  volume={108},
  number={1},
  pages={51--58},
  year={1993},
  publisher={Elsevier}
}

@Misc{PetIBM,
  author={Krishnan, Anush and Mesnard, Olivier and Chuang, Pi-Yueh and Barba, Lorena A.},
  title={{P}et{IBM} - a parallel immersed boundary method code},
  url={https://github.com/barbagroup/PetIBM},
  howpublished={https://github.com/barbagroup/PetIBM},
  year={2017}
}

@Misc{AmgXWrapper,
  author={Chuang, Pi-Yueh and Barba, Lorena A.},
  title={{A}mg{X}{W}rapper},
  url={https://github.com/barbagroup/AmgXWrapper},
  howpublished={https://github.com/barbagroup/AmgXWrapper},
  year={2017}
}

@Misc{Nvidia_AmgX,
  author={Nvidia},
  title={AmgX},
  howpublished={https://developer.nvidia.com/amgx},
}

@Misc{PETSc_webpage_2016,
  author={Satish Balay and Shrirang Abhyankar and Mark~F. Adams and Jed Brown and Peter Brune
          and Kris Buschelman and Lisandro Dalcin and Victor Eijkhout and William~D. Gropp
          and Dinesh Kaushik and Matthew~G. Knepley
          and Lois Curfman McInnes and Karl Rupp and Barry~F. Smith
          and Stefano Zampini and Hong Zhang and Hong Zhang},
  title={{PETS}c {W}eb page},
  url={http://www.mcs.anl.gov/petsc},
  howpublished={http://www.mcs.anl.gov/petsc},
  year={2016}
}

@article{Krishnan_et_al_2014,
  title={Lift and wakes of flying snakes},
  author={Krishnan, Anush and Socha, John J and Vlachos, Pavlos P and Barba, LA},
  journal={Physics of Fluids},
  volume={26},
  number={3},
  pages={031901},
  year={2014},
  publisher={AIP}
}

@article{Holden_et_al_2014,
  title={Aerodynamics of the flying snake Chrysopelea paradisi: how a bluff body cross-sectional shape contributes to gliding performance},
  author={Holden, Daniel and Socha, John J and Cardwell, Nicholas D and Vlachos, Pavlos P},
  journal={Journal of Experimental Biology},
  volume={217},
  number={3},
  pages={382--394},
  year={2014},
  publisher={The Company of Biologists Ltd}
}
