@article{Taira-2007-ID69,
    author    = {Taira, Kunihiko and Colonius, Tim},
    title     = {The immersed boundary method: A projection approach},
    journal   = {Journal of Computational Physics},
    year      = {2007},
    volume    = {225},
    pages     = {2118--2137},
    number    = {2},
    doi       = {10.1016/j.jcp.2007.03.005},
    file      = {FULLTEXT:/srv/http/librarian/library/pdfs/01/00069.pdf:PDF}
}

@article{Krishnan-2013-ID33,
    author    = {Krishnan, Anush and Socha, John J. and Vlachos, Pavlos P. and Barba, Lorena A.},
    title     = {Lift and wakes of flying snakes},
    journal   = {Physics of Fluids},
    volume    = {26},
    number    = {3},
    pages     = {031901},
    year      = {2014},
    publisher = {AIP Publishing},
    doi       = {10.1063/1.4866444},
    file      = {FULLTEXT:/srv/http/librarian/library/pdfs/01/00033.pdf:PDF}
}

@misc{petsc-web-page,
    author  = {
        Satish Balay
        and Shrirang Abhyankar 
        and Mark~F. Adams 
        and Jed Brown 
        and Peter Brune 
        and Kris Buschelman 
        and Lisandro Dalcin 
        and Victor Eijkhout 
        and William~D. Gropp 
        and Dinesh Kaushik 
        and Matthew~G. Knepley 
        and Lois Curfman McInnes 
        and Karl Rupp 
        and Barry~F. Smith 
        and Stefano Zampini 
        and Hong Zhang 
        and Hong Zhang},
    title   =  {{PETS}c web page},
    url     =    {http://www.mcs.anl.gov/petsc},
    date    = {2016},
    urldate = {2016-07-13}
}

@techreport{petsc-user-ref,
    author  = {
        Satish Balay 
        and Shrirang Abhyankar 
        and Mark F. Adams 
        and Jed Brown 
        and Peter Brune 
        and Kris Buschelman 
        and Lisandro Dalcin 
        and Victor Eijkhout 
        and William D. Gropp 
        and Dinesh Kaushik 
        and Matthew G. Knepley 
        and Lois Curfman McInnes 
        and Karl Rupp 
        and Barry F. Smith 
        and Stefano Zampini 
        and Hong Zhang 
        and Hong Zhang},
    title   = {{PETS}c Users Manual},
    institution = {Argonne National Laboratory},
    year    = {2016},
    number  = {ANL-95/11 - Revision 3.7},
    url     = {http://www.mcs.anl.gov/petsc}
}

@inproceedings{petsc-efficient,
    author  = {
        Satish Balay 
        and William D. Gropp 
        and Lois Curfman McInnes 
        and Barry F. Smith},
    title   = {Efficient Management of Parallelism in Object Oriented Numerical Software Libraries},
    booktitle = {Modern Software Tools in Scientific Computing},
    editor  = {E. Arge and A. M. Bruaset and H. P. Langtangen},
    pages   = {163--202},
    publisher = {Birkh{\"{a}}user Press},
    year    = {1997}
}

@misc{amgx-web-page,
    title   = {{A}mg{X}},
    url     = {https://developer.nvidia.com/amgx},
    urldate = {2016-07-13}
}

@manual{amgx-manual,
    title   = {{A}mg{X} Reference Manual},
    subtitle = {{API} Version 2},
    date    = {2014-11},
    language = {English},
    organization = {NVIDIA}
}

@misc{petibm-repo,
    title   = {{P}et{IBM}},
    url     = {http://github.com/barbagroup/PetIBM},
    urldate = {2016-07-13}
}
